<collection xmlns="http://www.loc.gov/MARC21/slim"><record><leader>00785nmm  2200217   450</leader><controlfield tag="001">599</controlfield><controlfield tag="003">http://montalegre.opacnet.com/OPAC/default.aspx?ContentAreaControl=ShowRegHoldings.ascx&amp;RegNo=16662</controlfield><datafield tag="010" ind1=" " ind2=" "><subfield code="a">972-0-67410-5</subfield></datafield><datafield tag="021" ind1=" " ind2=" "><subfield code="a">PT</subfield><subfield code="b">141064/99</subfield></datafield><datafield tag="100" ind1=" " ind2=" "><subfield code="a">20061013d1999    m  y0pory0103    ba</subfield></datafield><datafield tag="101" ind1="1" ind2=" "><subfield code="a">por</subfield></datafield><datafield tag="102" ind1=" " ind2=" "><subfield code="a">PT</subfield></datafield><datafield tag="105" ind1=" " ind2=" "><subfield code="a">--------000zy</subfield></datafield><datafield tag="135" ind1=" " ind2=" "><subfield code="a">bocga---mnaua</subfield></datafield><datafield tag="200" ind1="1" ind2=" "><subfield code="a">Atlas do Mundo</subfield><subfield code="b">Documento electrónico</subfield><subfield code="e">grande atlas enciclopédico</subfield><subfield code="f">[ed.] Porto Editora Multimedia</subfield></datafield><datafield tag="205" ind1=" " ind2=" "><subfield code="a">(1ª ed.</subfield></datafield><datafield tag="210" ind1=" " ind2=" "><subfield code="a">Porto</subfield><subfield code="c">P.E.M.</subfield><subfield code="d">cop. 1999</subfield></datafield><datafield tag="215" ind1=" " ind2=" "><subfield code="a">1 CD-ROM em caixa</subfield><subfield code="d">26 cm</subfield><subfield code="e">Catálogo interactivo 2000 (1 CD-ROM)</subfield><subfield code="e">1 f. desdobr</subfield></datafield><datafield tag="675" ind1=" " ind2=" "><subfield code="a">372.3(0.034)(075)</subfield><subfield code="v">BN</subfield><subfield code="z">por</subfield><subfield code="3">682488</subfield></datafield><datafield tag="712" ind1="0" ind2="2"><subfield code="a">Porto Editora Multimédia</subfield><subfield code="4">340</subfield><subfield code="3">218241</subfield></datafield><datafield tag="801" ind1=" " ind2="0"><subfield code="a">PT</subfield><subfield code="b">Biblioteca Municipal de Montalegre</subfield><subfield code="g">RPC</subfield></datafield><datafield tag="856" ind1=" " ind2=" "><subfield code="u">locateMedia.asp?cod=20060522143446&amp;ext=jpg</subfield><subfield code="z">CAPA</subfield></datafield><datafield tag="909" ind1="&#9;" ind2=" "><subfield code="a">0</subfield></datafield></record></collection>